<collection xmlns="http://www.loc.gov/MARC21/slim">
<record>
  <leader>00864na 0a22001571i 450 </leader>
  <controlfield tag="001">IT\ICCU\CNCE\054699</controlfield>
  <controlfield tag="005">20061031000000.0</controlfield>
  <datafield tag="100" ind1=" " ind2=" ">
    <subfield code="a">20031110             0itac0103    ba</subfield>
  </datafield>
  <datafield tag="101" ind1=" " ind2=" ">
    <subfield code="a">LAT</subfield>
  </datafield>
  <datafield tag="200" ind1="1" ind2=" ">
    <subfield code="a">Repertorium seu tabula Hieronymi de Marliano Mediolanensis. Ad secundum et perutile tractatum preclari I.U. docto. domini Io. Francisci Balbi de Viliania ciuis Taurini, qui de prescriptionibus inscribitur et ad copiosam repetitionem ...</subfield>
  </datafield>
  <datafield tag="700" ind1=" " ind2="1">
    <subfield code="a">Marliani,</subfield>
    <subfield code="b">Girolamo</subfield>
    <subfield code="c"> &lt;milanese&gt;</subfield>
    <subfield code="3">IT\ICCU\CNCA\001009</subfield>
  </datafield>
  <datafield tag="702" ind1=" " ind2="1">
    <subfield code="a">Balbo,</subfield>
    <subfield code="b">Giovanni Francesco</subfield>
    <subfield code="3">IT\ICCU\CNCA\001312</subfield>
  </datafield>
  <datafield tag="790" ind1=" " ind2="0">
    <subfield code="a">Hieronymus</subfield>
    <subfield code="c"> : de#Marliano</subfield>
    <subfield code="3">IT\ICCU\CNCA\014384</subfield>
    <subfield code="z">Marliani, Girolamo &lt;milanese&gt;</subfield>
  </datafield>
  <datafield tag="790" ind1=" " ind2="1">
    <subfield code="a">Marliano,</subfield>
    <subfield code="b"> Hieronymus : de</subfield>
    <subfield code="3">IT\ICCU\CNCA\029296</subfield>
    <subfield code="z">Marliani, Girolamo &lt;milanese&gt;</subfield>
  </datafield>
  <datafield tag="790" ind1=" " ind2="1">
    <subfield code="a">Balbi,</subfield>
    <subfield code="b">Giovanni Francesco</subfield>
    <subfield code="3">IT\ICCU\CNCA\017038</subfield>
    <subfield code="z">Balbo, Giovanni Francesco</subfield>
  </datafield>
  <datafield tag="801" ind1=" " ind2="3">
    <subfield code="a">IT</subfield>
    <subfield code="b">ICCU</subfield>
    <subfield code="c">20201115</subfield>
  </datafield>
</record>
</collection>
